@article{palmer2005identifying,
  title={Identifying teacher expertise: An examination of researchers' decision making},
  author={Palmer, Douglas J and Stough, Laura M and Burdenski, Jr, Thomas K and Gonzales, Maricela},
  journal={Educational Psychologist},
  volume={40},
  number={1},
  pages={13--25},
  year={2005},
  publisher={Taylor \& Francis}
}

@article{van2014first,
  title={First steps into understanding teachers' visual perception of classroom events},
  author={Van den Bogert, Niek and van Bruggen, Jan and Kostons, Danny and Jochems, Wim},
  journal={Teaching and Teacher Education},
  volume={37},
  pages={208--216},
  year={2014},
  publisher={Elsevier}
}

@article{wolff2016teacher,
  title={Teacher vision: Expert and novice teachers’ perception of problematic classroom management scenes},
  author={Wolff, Charlotte E and Jarodzka, Halszka and van den Bogert, Niek and Boshuizen, Henny},
  journal={Instructional Science},
  volume={44},
  number={3},
  pages={243--265},
  year={2016},
  publisher={Springer}
}

@article{lachner2016makes,
  title={What makes an expert teacher? Investigating teachers’ professional vision and discourse abilities},
  author={Lachner, Andreas and Jarodzka, Halszka and N{\"u}ckles, Matthias},
  journal={Instructional Science},
  volume={44},
  number={3},
  pages={197--203},
  year={2016},
  publisher={Springer}
}

@article{grub2020process,
  title={Process-based measurement of professional vision of (prospective) teachers in the field of classroom management. A systematic review},
  author={Grub, Ann-Sophie and Biermann, Antje and Br{\"u}nken, Roland},
  journal={Journal for educational research online},
  volume={12},
  number={3},
  pages={75--102},
  year={2020}
}

@article{gold2017using,
  title={Using digital video to measure the professional vision of elementary classroom management: Test validation and methodological challenges},
  author={Gold, Bernadette and Holodynski, Manfred},
  journal={Computers \& Education},
  volume={107},
  pages={13--30},
  year={2017},
  publisher={Elsevier}
}

@article{seidel2014modeling,
  title={Modeling and measuring the structure of professional vision in preservice teachers},
  author={Seidel, Tina and St{\"u}rmer, Kathleen},
  journal={American educational research journal},
  volume={51},
  number={4},
  pages={739--771},
  year={2014},
  publisher={Sage Publications Sage CA: Los Angeles, CA}
}

@incollection{goodwin2015professional,
  title={Professional vision},
  author={Goodwin, Charles},
  booktitle={Aufmerksamkeit},
  pages={387--425},
  year={2015},
  publisher={Springer}
}
@book{kounin2006techniken,
  title={Techniken der Klassenf{\"u}hrung},
  author={Kounin, Jacob S},
  year={2006},
  publisher={Waxmann Verlag}
}
@article{evertson2006classroom,
  title={Classroom management as a field of inquiry},
  author={Evertson, Carolyn M and Weinstein, Carol S and others},
  journal={Handbook of classroom management: Research, practice, and contemporary issues},
  volume={3},
  number={1},
  pages={16},
  year={2006}
}

@article{baumert2006key,
  title={Key word: Professional competence of teachers},
  author={Baumert, Juergen and Kunter, Mareike},
  journal={ZEITSCHRIFT FUR ERZIEHUNGSWISSENSCHAFT},
  volume={9},
  number={4},
  pages={469--520},
  year={2006},
  publisher={SPRINGER VIEWEG-SPRINGER FACHMEDIEN WIESBADEN GMBH ABRAHAM-LINCOLN STASSE 46~…}
}

@article{gegenfurtner2018mobiles,
  title={Mobiles Eye-Tracking in den angewandten Wissenschaften},
  author={Gegenfurtner, Andreas and Eichinger, Armin and Latzel, Richard and Dietrich, Marc Philipp and Barkowsky, Marcus and Glufke, Alexandra and Stadler, Angelika and Stern, Wolfgang},
  year={2018}
}

@book{albers2009methodik,
  title={Methodik der empirischen Forschung},
  author={Albers, S{\"o}nke and Klapper, Daniel and Konradt, Udo and Walter, Achim and Wolf, Joachim},
  volume={3},
  year={2009},
  publisher={Springer}
}

@article{gold2015development,
  title={Development and construct validation of a situational judgment test of strategic knowledge of classroom management in elementary schools},
  author={Gold, Bernadette and Holodynski, Manfred},
  journal={Educational Assessment},
  volume={20},
  number={3},
  pages={226--248},
  year={2015},
  publisher={Taylor \& Francis}
}

@article{helmke2014unterrichtsdiagnostik,
  title={Unterrichtsdiagnostik mit EMU},
  author={Helmke, Andreas and Helmke, Tuyet and Lenske, Gerlinde and Pham, G and Praetorius, Anna-Katharina and Schrader, Friedrich-Wilhelm and AdeThurow, Manuel},
  journal={Aus-und Fortbildung der Lehrkr{\"a}fte in Hinblick auf Verbesserung der Diagnosef{\"a}higkeit, Umgang mit Heterogenit{\"a}t und individuelle F{\"o}rderung},
  pages={149--163},
  year={2014}
}

@article{palmer2005identifying,
  title={Identifying teacher expertise: An examination of researchers' decision making},
  author={Palmer, Douglas J and Stough, Laura M and Burdenski, Jr, Thomas K and Gonzales, Maricela},
  journal={Educational Psychologist},
  volume={40},
  number={1},
  pages={13--25},
  year={2005},
  publisher={Taylor \& Francis}
}

@article{evertson2006classroom,
  title={Classroom management as a field of inquiry},
  author={Evertson, Carolyn M and Weinstein, Carol S and others},
  journal={Handbook of classroom management: Research, practice, and contemporary issues},
  volume={3},
  number={1},
  pages={16},
  year={2006}
}

@book{kounin2006techniken,
  title={Techniken der Klassenf{\"u}hrung},
  author={Kounin, Jacob S},
  year={2006},
  publisher={Waxmann Verlag}
}

@incollection{goodwin2015professional,
  title={Professional vision},
  author={Goodwin, Charles},
  booktitle={Aufmerksamkeit},
  pages={387--425},
  year={2015},
  publisher={Springer}
}

@misc{sherin2007development,
  title={The development of teachers' professional vision in video clubs. Video research in the learning sciences. R. Goldman, R. Pea, B. Barron and SJ Derry},
  author={Sherin, MG},
  year={2007},
  publisher={Mahwah, NJ, Lawrence Erlbaum}
}

@article{seidel2014modeling,
  title={Modeling and measuring the structure of professional vision in preservice teachers},
  author={Seidel, Tina and St{\"u}rmer, Kathleen},
  journal={American educational research journal},
  volume={51},
  number={4},
  pages={739--771},
  year={2014},
  publisher={Sage Publications Sage CA: Los Angeles, CA}
}

@article{gold2017using,
  title={Using digital video to measure the professional vision of elementary classroom management: Test validation and methodological challenges},
  author={Gold, Bernadette and Holodynski, Manfred},
  journal={Computers \& Education},
  volume={107},
  pages={13--30},
  year={2017},
  publisher={Elsevier}
}

@article{wolff2016teacher,
  title={Teacher vision: Expert and novice teachers’ perception of problematic classroom management scenes},
  author={Wolff, Charlotte E and Jarodzka, Halszka and van den Bogert, Niek and Boshuizen, Henny},
  journal={Instructional Science},
  volume={44},
  number={3},
  pages={243--265},
  year={2016},
  publisher={Springer}
}

@article{grub2020process,
  title={Process-based measurement of professional vision of (prospective) teachers in the field of classroom management. A systematic review},
  author={Grub, Ann-Sophie and Biermann, Antje and Br{\"u}nken, Roland},
  journal={Journal for educational research online},
  volume={12},
  number={3},
  pages={75--102},
  year={2020}
}

@article{lachner2016makes,
  title={What makes an expert teacher? Investigating teachers’ professional vision and discourse abilities},
  author={Lachner, Andreas and Jarodzka, Halszka and N{\"u}ckles, Matthias},
  journal={Instructional Science},
  volume={44},
  number={3},
  pages={197--203},
  year={2016},
  publisher={Springer}
}

@article{van2014first,
  title={First steps into understanding teachers' visual perception of classroom events},
  author={Van den Bogert, Niek and van Bruggen, Jan and Kostons, Danny and Jochems, Wim},
  journal={Teaching and Teacher Education},
  volume={37},
  pages={208--216},
  year={2014},
  publisher={Elsevier}
}

@Manual{R-base,
  title = {R: A Language and Environment for Statistical Computing},
  author = {{R Core Team}},
  organization = {R Foundation for Statistical Computing},
  address = {Vienna, Austria},
  year = {2021},
  url = {https://www.R-project.org/},
}
@Manual{R-papaja,
  title = {{papaja}: {Prepare} reproducible {APA} journal articles with {R Markdown}},
  author = {Frederik Aust and Marius Barth},
  year = {2020},
  note = {R package version 0.1.0.9997},
  url = {https://github.com/crsh/papaja},
}
@Manual{R-tinylabels,
  title = {{tinylabels}: Lightweight Variable Labels},
  author = {Marius Barth},
  year = {2022},
  note = {R package version 0.2.3},
  url = {https://cran.r-project.org/package=tinylabels},
}
@Manual{R-ARTofR,
  title = {ARTofR: Who Ever Care About the [Art of R] Scripts?},
  author = {Huanyuan Zhang},
  year = {2021},
  note = {R package version 0.3.3},
  url = {https://CRAN.R-project.org/package=ARTofR},
}
@Manual{R-cowplot,
  title = {cowplot: Streamlined Plot Theme and Plot Annotations for 'ggplot2'},
  author = {Claus O. Wilke},
  year = {2020},
  note = {R package version 1.1.1},
  url = {https://CRAN.R-project.org/package=cowplot},
}
@Manual{R-dplyr,
  title = {dplyr: A Grammar of Data Manipulation},
  author = {Hadley Wickham and Romain François and Lionel Henry and Kirill Müller},
  year = {2022},
  note = {R package version 1.0.8},
  url = {https://CRAN.R-project.org/package=dplyr},
}
@Manual{R-forcats,
  title = {forcats: Tools for Working with Categorical Variables (Factors)},
  author = {Hadley Wickham},
  year = {2021},
  note = {R package version 0.5.1},
  url = {https://CRAN.R-project.org/package=forcats},
}
@Book{R-ggplot2,
  author = {Hadley Wickham},
  title = {ggplot2: Elegant Graphics for Data Analysis},
  publisher = {Springer-Verlag New York},
  year = {2016},
  isbn = {978-3-319-24277-4},
  url = {https://ggplot2.tidyverse.org},
}
@Manual{R-gridExtra,
  title = {gridExtra: Miscellaneous Functions for "Grid" Graphics},
  author = {Baptiste Auguie},
  year = {2017},
  note = {R package version 2.3},
  url = {https://CRAN.R-project.org/package=gridExtra},
}
@Article{R-lubridate,
  title = {Dates and Times Made Easy with {lubridate}},
  author = {Garrett Grolemund and Hadley Wickham},
  journal = {Journal of Statistical Software},
  year = {2011},
  volume = {40},
  number = {3},
  pages = {1--25},
  url = {https://www.jstatsoft.org/v40/i03/},
}
@Manual{R-needs,
  title = {needs: Attaches and Installs Packages},
  author = {Josh Katz},
  year = {2016},
  note = {R package version 0.0.3},
  url = {https://CRAN.R-project.org/package=needs},
}
@Manual{R-purrr,
  title = {purrr: Functional Programming Tools},
  author = {Lionel Henry and Hadley Wickham},
  year = {2020},
  note = {R package version 0.3.4},
  url = {https://CRAN.R-project.org/package=purrr},
}
@Manual{R-readr,
  title = {readr: Read Rectangular Text Data},
  author = {Hadley Wickham and Jim Hester and Jennifer Bryan},
  year = {2021},
  note = {R package version 2.1.1},
  url = {https://CRAN.R-project.org/package=readr},
}
@Manual{R-readxl,
  title = {readxl: Read Excel Files},
  author = {Hadley Wickham and Jennifer Bryan},
  year = {2019},
  note = {R package version 1.3.1},
  url = {https://CRAN.R-project.org/package=readxl},
}
@Manual{R-stringr,
  title = {stringr: Simple, Consistent Wrappers for Common String Operations},
  author = {Hadley Wickham},
  year = {2019},
  note = {R package version 1.4.0},
  url = {https://CRAN.R-project.org/package=stringr},
}
@Manual{R-tibble,
  title = {tibble: Simple Data Frames},
  author = {Kirill Müller and Hadley Wickham},
  year = {2021},
  note = {R package version 3.1.6},
  url = {https://CRAN.R-project.org/package=tibble},
}
@Manual{R-tidyr,
  title = {tidyr: Tidy Messy Data},
  author = {Hadley Wickham and Maximilian Girlich},
  year = {2022},
  note = {R package version 1.2.0},
  url = {https://CRAN.R-project.org/package=tidyr},
}
@Article{R-tidyverse,
  title = {Welcome to the {tidyverse}},
  author = {Hadley Wickham and Mara Averick and Jennifer Bryan and Winston Chang and Lucy D'Agostino McGowan and Romain François and Garrett Grolemund and Alex Hayes and Lionel Henry and Jim Hester and Max Kuhn and Thomas Lin Pedersen and Evan Miller and Stephan Milton Bache and Kirill Müller and Jeroen Ooms and David Robinson and Dana Paige Seidel and Vitalie Spinu and Kohske Takahashi and Davis Vaughan and Claus Wilke and Kara Woo and Hiroaki Yutani},
  year = {2019},
  journal = {Journal of Open Source Software},
  volume = {4},
  number = {43},
  pages = {1686},
  doi = {10.21105/joss.01686},
}
@Manual{R-viridis,
  title = {{viridis} - Colorblind-Friendly Color Maps for R},
  author = {{Garnier} and {Simon} and {Ross} and {Noam} and {Rudis} and {Robert} and {Camargo} and Antônio Pedro and {Sciaini} and {Marco} and {Scherer} and {Cédric}},
  year = {2021},
  note = {R package version 0.6.2},
  url = {https://sjmgarnier.github.io/viridis/},
  doi = {10.5281/zenodo.4679424},
  doi = {10.5281/zenodo.4679424},
}
@Manual{R-viridisLite,
  title = {{viridis} - Colorblind-Friendly Color Maps for R},
  author = {{Garnier} and {Simon} and {Ross} and {Noam} and {Rudis} and {Robert} and {Camargo} and Antônio Pedro and {Sciaini} and {Marco} and {Scherer} and {Cédric}},
  year = {2021},
  note = {R package version 0.4.0},
  url = {https://sjmgarnier.github.io/viridis/},
  doi = {10.5281/zenodo.4679424},
  doi = {10.5281/zenodo.4679424},
}
@Article{R-ltm,
  title = {ltm: An R package for Latent Variable Modelling and Item Response Theory Analyses},
  author = {Dimitris Rizopoulos},
  journal = {Journal of Statistical Software},
  year = {2006},
  volume = {17},
  number = {5},
  pages = {1--25},
  url = {https://doi.org/10.18637/jss.v017.i05},
}
@Book{R-MASS,
  title = {Modern Applied Statistics with S},
  author = {W. N. Venables and B. D. Ripley},
  publisher = {Springer},
  edition = {Fourth},
  address = {New York},
  year = {2002},
  note = {ISBN 0-387-95457-0},
  url = {https://www.stats.ox.ac.uk/pub/MASS4/},
}
@Manual{R-moments,
  title = {moments: Moments, cumulants, skewness, kurtosis and related tests},
  author = {Lukasz Komsta and Frederick Novomestky},
  year = {2015},
  note = {R package version 0.14},
  url = {https://CRAN.R-project.org/package=moments},
}
@Article{R-msm,
  title = {Multi-State Models for Panel Data: The {msm} Package for {R}},
  author = {Christopher H. Jackson},
  journal = {Journal of Statistical Software},
  year = {2011},
  volume = {38},
  number = {8},
  pages = {1--29},
  url = {https://www.jstatsoft.org/v38/i08/},
}
@Manual{R-polycor,
  title = {polycor: Polychoric and Polyserial Correlations},
  author = {John Fox},
  year = {2022},
  note = {R package version 0.8-1},
  url = {https://CRAN.R-project.org/package=polycor},
}
@Manual{R-sjPlot,
  title = {sjPlot: Data Visualization for Statistics in Social Science},
  author = {Daniel Lüdecke},
  year = {2021},
  note = {R package version 2.8.10},
  url = {https://CRAN.R-project.org/package=sjPlot},
}
@Book{R-knitr,
  title = {Dynamic Documents with {R} and knitr},
  author = {Yihui Xie},
  publisher = {Chapman and Hall/CRC},
  address = {Boca Raton, Florida},
  year = {2015},
  edition = {2nd},
  note = {ISBN 978-1498716963},
  url = {https://yihui.org/knitr/},
}
@Manual{R-rlang,
  title = {rlang: Functions for Base Types and Core R and 'Tidyverse' Features},
  author = {Lionel Henry and Hadley Wickham},
  year = {2022},
  note = {R package version 1.0.2},
  url = {https://CRAN.R-project.org/package=rlang},
}
@Manual{R-kableExtra,
  title = {kableExtra: Construct Complex Table with 'kable' and Pipe Syntax},
  author = {Hao Zhu},
  year = {2021},
  note = {R package version 1.3.4},
  url = {https://CRAN.R-project.org/package=kableExtra},
}
@Manual{R-xtable,
  title = {xtable: Export Tables to LaTeX or HTML},
  author = {David B. Dahl and David Scott and Charles Roosen and Arni Magnusson and Jonathan Swinton},
  year = {2019},
  note = {R package version 1.8-4},
  url = {https://CRAN.R-project.org/package=xtable},
}
@Manual{R-ggmosaic,
  title = {ggmosaic: Mosaic Plots in the 'ggplot2' Framework},
  author = {Haley Jeppson and Heike Hofmann and Di Cook},
  year = {2021},
  note = {R package version 0.3.3},
  url = {https://CRAN.R-project.org/package=ggmosaic},
}
@Manual{R-ggrepel,
  title = {ggrepel: Automatically Position Non-Overlapping Text Labels with
'ggplot2'},
  author = {Kamil Slowikowski},
  year = {2021},
  note = {R package version 0.9.1},
  url = {https://CRAN.R-project.org/package=ggrepel},
}
@Manual{R-ggthemes,
  title = {ggthemes: Extra Themes, Scales and Geoms for 'ggplot2'},
  author = {Jeffrey B. Arnold},
  year = {2021},
  note = {R package version 4.2.4},
  url = {https://CRAN.R-project.org/package=ggthemes},
}
@Manual{R-haven,
  title = {haven: Import and Export 'SPSS', 'Stata' and 'SAS' Files},
  author = {Hadley Wickham and Evan Miller},
  year = {2021},
  note = {R package version 2.4.3},
  url = {https://CRAN.R-project.org/package=haven},
}
@Article{R-lme4,
  title = {Fitting Linear Mixed-Effects Models Using {lme4}},
  author = {Douglas Bates and Martin M{\"a}chler and Ben Bolker and Steve Walker},
  journal = {Journal of Statistical Software},
  year = {2015},
  volume = {67},
  number = {1},
  pages = {1--48},
  doi = {10.18637/jss.v067.i01},
}
@Manual{R-Matrix,
  title = {Matrix: Sparse and Dense Matrix Classes and Methods},
  author = {Douglas Bates and Martin Maechler},
  year = {2021},
  note = {R package version 1.4-0},
  url = {https://CRAN.R-project.org/package=Matrix},
}
@Manual{R-rgeos,
  title = {rgeos: Interface to Geometry Engine - Open Source ('GEOS')},
  author = {Roger Bivand and Colin Rundel},
  year = {2021},
  note = {R package version 0.5-9},
  url = {https://CRAN.R-project.org/package=rgeos},
}
@Manual{R-rnaturalearth,
  title = {rnaturalearth: World Map Data from Natural Earth},
  author = {Andy South},
  year = {2017},
  note = {R package version 0.1.0},
  url = {https://CRAN.R-project.org/package=rnaturalearth},
}
@Manual{R-rnaturalearthdata,
  title = {rnaturalearthdata: World Vector Map Data from Natural Earth Used in 'rnaturalearth'},
  author = {Andy South},
  year = {2017},
  note = {R package version 0.1.0},
  url = {https://CRAN.R-project.org/package=rnaturalearthdata},
}
@Article{R-sf,
  author = {Edzer Pebesma},
  title = {{Simple Features for R: Standardized Support for Spatial Vector Data}},
  year = {2018},
  journal = {{The R Journal}},
  doi = {10.32614/RJ-2018-009},
  url = {https://doi.org/10.32614/RJ-2018-009},
  pages = {439--446},
  volume = {10},
  number = {1},
}
@Manual{R-sjlabelled,
  title = {sjlabelled: Labelled Data Utility Functions (Version 1.2.0)},
  author = {Daniel Lüdecke},
  year = {2022},
  url = {https://CRAN.R-project.org/package=sjlabelled},
  doi = {10.5281/zenodo.1249215},
}
@Article{R-sp,
  author = {Edzer J. Pebesma and Roger S. Bivand},
  title = {Classes and methods for spatial data in {R}},
  journal = {R News},
  year = {2005},
  volume = {5},
  number = {2},
  pages = {9--13},
  month = {November},
  url = {https://CRAN.R-project.org/doc/Rnews/},
}
@Manual{R-DescTools,
  title = {{DescTools}: Tools for Descriptive Statistics},
  author = {Signorell {Andri et mult. al.}},
  year = {2022},
  note = {R package version 0.99.45},
  url = {https://cran.r-project.org/package=DescTools},
}
